<?xml version="1.0" encoding="UTF-8"?><collection xmlns="http://www.loc.gov/MARC21/slim"><record><leader>00529nam--2200205-u-4500</leader><controlfield tag="001">000053774</controlfield><controlfield tag="002">20161230</controlfield><controlfield tag="005">20170115232246</controlfield><controlfield tag="008">110620s1000------------r-----000-0-eng-d</controlfield><datafield ind1=" " ind2=" " tag="020"><subfield code="a">0471322458</subfield></datafield><datafield ind1=" " ind2=" " tag="040"><subfield code="a">IFIN-HH</subfield></datafield><datafield ind1=" " ind2=" " tag="080"><subfield code="a">537.8</subfield></datafield><datafield ind1="1" ind2=" " tag="100"><subfield code="a">Grant, I.S</subfield></datafield><datafield ind1="1" ind2="0" tag="245"><subfield code="a">Electromagnetism</subfield><subfield code="c">I.S. Grant; W.R. Phillips</subfield></datafield><datafield ind1=" " ind2=" " tag="260"><subfield code="a">London</subfield><subfield code="b">John Wiley &amp; Sons, Inc</subfield><subfield code="c">1975</subfield></datafield><datafield ind1=" " ind2=" " tag="300"><subfield code="a">514 p</subfield></datafield><datafield ind1=" " ind2=" " tag="490"><subfield code="a">The Manchester Physics Series</subfield></datafield><datafield ind1="1" ind2=" " tag="700"><subfield code="a">Phillips, W.R</subfield></datafield><datafield ind1=" " ind2=" " tag="852"><subfield code="a">41915</subfield><subfield code="c">537:538</subfield></datafield><datafield ind1=" " ind2=" " tag="CAT"><subfield code="a">SYS</subfield><subfield code="c">20170115</subfield><subfield code="h">232246</subfield></datafield></record></collection>